@article{alsina04,
   Author = {Alsina, B. and Abell\`o,  G. and Ulloa,  E. and Henrique, D. and Pujades, C. and Gir\'aldez, F.},
   Title = "{FGF signaling is required for determination of otic neuroblasts in the chick embryo}",
   Journal = "Dev. Biol.",
   Volume = {267(1)},
   Pages = {119-134},
   Year = {2004} }

@article{coti08,
   Author = {Coti, C. and Herault, T. and Peyronnet, S. and Rezmerita, A. and Cappello, F.},
   Title = "{Grid Services for MPI}",
   Journal = "Proceedings of the 8th IEEE International Symposium on Cluster Computing and the Grid (CCGrid'08)",
   Volume = {},
   Pages = {Lyon, Fra},
   Year = {2008} }

@article{elowitz00,
   Author = {Elowitz, M. B. and Leibler, S.},
   Title = "{A synthetic oscillatory network of transcriptional regulators}",
   Journal = "Nature",
   Volume = {403},
   Pages = {335-338},
   Year = {2000} }

@article{garciadelomana08,
   Author = {Garc\'ia de Lomana, A. L. and G\'omez-Garrido, \`A. and Sportouch, D. and Vill\`a-Freixa, J.},
   Title = "{Optimal Experimental Design in the Modelling of Pattern Formation}",
   Journal = "LNCS",
   Volume = {accepted},
   Pages = {},
   Year = {2008} }

@book{goldberg89,
   Author = {Goldberg, D. E.},
   Title = "{Genetic Algorithms in Search, Optimization and Machine Learning}",
   Publisher = {Addison-Wesley},
   Address = {Reading, Massachusetts},
   Year = {1989} }

@article{lenovere06,
   Author = {Le Nov\`ere, N. and Bornstein, B. and Broicher, A. and Courtot, M. and Donizelli, M. and Dharuri, H. and Li, L. and Sauro, H. and Schilstra, M. and Shapiro, B. and Snoep, J. L. and Hucka, M.},
   Title = "{BioModels Database: a free, centralized database of curated, published, quantitative kinetic models of biochemical and cellular models}",
   Journal = "Nucleic Acids Research",
   Volume = {34},
   Pages = {D689-D691},
   Year = {2006} }

@article{martins03,
   Author = {Martins, S. I. and Van Boekel,  M. A.},
   Title = "{Kinetic modelling of Amadori N-(1-deoxy-D-fructos-1-yl)-glycine degradation pathways. Part II--kinetic analysis.}",
   Journal = "Carbohydr. Res.",
   Volume = {338},
   Pages = {1665-1678},
   Year = {2003} }

@article{rodriguez-fernandez06,
   Author = {Rodriguez-Fernandez, M. and Mendes, P. and Banga, J. R.},
   Title = "{A hybrid approach for efficient and robust parameter estimation in biochemical pathways}",
   Journal = "Biosystems",
   Volume = {83},
   Pages = {248-65},
   Year = {2006} }

@article{yue06,
   Author = {Yue, H. and Brown, M. and Knowles, J. and Wang, H. and Broomhead, D.S. and Kell, D.B.},
   Title = "{Insights into the behaviour of systems biology models from dynamic sensitivity and identifiability analysis: a case study of an NF-$\kappa$B signalling pathway}",
   Journal = "Mol Biosyst",
   Volume = {2},
   Pages = {640-649},
   Year = {2006} }
@article{hucka03,
   Author = "Hucka, M and Finney, A and Sauro, HM and Bolouri, H and Doyle, JC and Kitano, H and the rest of the SBML forum",
   Title = "The systems biology markup language (SBML): a medium for representation
and exchange of biochemical network models",
   Journal = BIOINF,
   Volume = "19(4)",
   Pages = "524--31.524-31
",
   Year = 2003}